@article{Dheeraj15,
  author    = {Dheeraj kumar Bokde and
               Sheetal Girase and
               Debajyoti Mukhopadhyay},
  title     = {Role of Matrix Factorization Model in Collaborative Filtering Algorithm:
               {A} Survey},
  journal   = {CoRR},
  volume    = {abs/1503.07475},
  year      = {2015},
  url       = {http://arxiv.org/abs/1503.07475},
  archivePrefix = {arXiv},
  eprint    = {1503.07475},
  timestamp = {Wed, 07 Jun 2017 14:42:45 +0200},
  biburl    = {https://dblp.org/rec/bib/journals/corr/BokdeGM15a},
  bibsource = {dblp computer science bibliography, https://dblp.org}
}

@inproceedings{Dwork03,
 author = {Dwork, Cynthia and Kumar, Ravi and Naor, Moni and Sivakumar, D.},
 title = {Rank Aggregation Methods for the Web},
 booktitle = {Proceedings of the 10th International Conference on World Wide Web},
 series = {WWW '01},
 year = {2001},
 isbn = {1-58113-348-0},
 location = {Hong Kong, Hong Kong},
 pages = {613--622},
 numpages = {10},
 url = {http://doi.acm.org/10.1145/371920.372165},
 doi = {10.1145/371920.372165},
 acmid = {372165},
 publisher = {ACM},
 address = {New York, NY, USA},
 keywords = {metasearch, multi-word queries, rank aggregation, ranking functions, spam},
} 

@inproceedings{Ma08,
 author = {Ma, Hao and Yang, Haixuan and Lyu, Michael R. and King, Irwin},
 title = {SoRec: Social Recommendation Using Probabilistic Matrix Factorization},
 booktitle = {Proceedings of the 17th ACM Conference on Information and Knowledge Management},
 series = {CIKM '08},
 year = {2008},
 isbn = {978-1-59593-991-3},
 location = {Napa Valley, California, USA},
 pages = {931--940},
 numpages = {10},
 url = {http://doi.acm.org/10.1145/1458082.1458205},
 doi = {10.1145/1458082.1458205},
 acmid = {1458205},
 publisher = {ACM},
 address = {New York, NY, USA},
 keywords = {collaborative filtering, matrix factorization, recommender systems, social recommendation},
} 

@techreport{gupta2015collective,
  title={Collective Factorization for Relational Data: An Evaluation on the Yelp Datasets},
  author={Gupta, Nitish and Singh, Sameer},
  year={2015},
  institution={Citeseer}
}

@incollection{masthoff2011group,
  title={Group recommender systems: Combining individual models},
  author={Masthoff, Judith},
  booktitle={Recommender systems handbook},
  pages={677--702},
  year={2011},
  publisher={Springer}
}

@inproceedings{jameson2004more,
  title={More than the sum of its members: challenges for group recommender systems},
  author={Jameson, Anthony},
  booktitle={Proceedings of the working conference on Advanced visual interfaces},
  pages={48--54},
  year={2004},
  organization={ACM}
}

@inproceedings{mccarthy2006group,
  title={Group recommender systems: a critiquing based approach},
  author={McCarthy, Kevin and Salam{\'o}, Maria and Coyle, Lorcan and McGinty, Lorraine and Smyth, Barry and Nixon, Paddy},
  booktitle={Proceedings of the 11th international conference on Intelligent user interfaces},
  pages={267--269},
  year={2006},
  organization={ACM}
}

@inproceedings{katarya2017systematic,
  title={A systematic review of group recommender systems techniques},
  author={Katarya, Rahul},
  booktitle={2017 International Conference on Intelligent Sustainable Systems (ICISS)},
  pages={425--428},
  year={2017},
  organization={IEEE}
}

@inproceedings{chakraborty2015nonnegative,
  title={Nonnegative matrix tri-factorization with graph regularization for community detection in social networks},
  author={Chakraborty, Yulong Pei1 Nilanjan and Sycara, Katia},
  booktitle={AAAI},
  pages={2083--2089},
  year={2015},
  organization={AAAI Press}
}

@article{cai2011graph,
  title={Graph regularized nonnegative matrix factorization for data representation},
  author={Cai, Deng and He, Xiaofei and Han, Jiawei and Huang, Thomas S},
  journal={IEEE Transactions on Pattern Analysis and Machine Intelligence},
  volume={33},
  number={8},
  pages={1548--1560},
  year={2011},
  publisher={IEEE}
}

@incollection{Masthoff11,
  added-at = {2011-01-08T00:00:00.000+0100},
  author = {Masthoff, Judith},
  biburl = {https://www.bibsonomy.org/bibtex/2959bddbce2976583a240629620461494/dblp},
  booktitle = {Recommender Systems Handbook},
  crossref = {reference/rsh/2011},
  editor = {Ricci, Francesco and Rokach, Lior and Shapira, Bracha and Kantor, Paul B.},
  ee = {http://dx.doi.org/10.1007/978-0-387-85820-3_21},
  interhash = {4be2ee38ca7e92bb2f2cc21132611de7},
  intrahash = {959bddbce2976583a240629620461494},
  isbn = {978-0-387-85819-7},
  keywords = {dblp},
  pages = {677-702},
  publisher = {Springer},
  timestamp = {2011-01-11T11:33:08.000+0100},
  title = {Group Recommender Systems: Combining Individual Models.},
  url = {http://dblp.uni-trier.de/db/reference/rsh/rsh2011.html#Masthoff11},
  year = 2011
}









